@book{ogata2010modern,
  title={Modern Control Engineering},
  author={Ogata, Katsuhiko},
  edition={5th},
  year={2010},
  publisher={Prentice Hall},
  address={Upper Saddle River, NJ}
}

@book{dorf2016modern,
  title={Modern Control Systems},
  author={Dorf, Richard C. and Bishop, Robert H.},
  edition={13th},
  year={2016},
  publisher={Pearson},
  address={Boston, MA}
}

@manual{matlabimpulse,
  title={MATLAB Documentation},
  author={{MathWorks}},
  year={2024},
  organization={MathWorks Inc.},
  url={https://blogs.mathworks.com/simulink/2024/08/23/how-can-i-create-an-impulse-delta-signal-in-simulink/},
  note={Đã truy cập: 2025-08-17}
}

@manual{matlabstepinfo,
  title={stepinfo - Rise time, settling time, and other step-response characteristics},
  author={{MathWorks}},
  year={2025},
  organization={MathWorks Inc.},
  url={https://www.mathworks.com/help/control/ref/dynamicsystem.stepinfo.html},
  note={Đã truy cập: 2025-08-17}
}

@misc{sundaram2014ece380,
  title        = {ECE 380: Control Systems, Course Notes},
  author       = {Shreyas Sundaram},
  year         = {2014},
  institution  = {University of Waterloo, Department of Electrical and Computer Engineering},
  url          = {https://engineering.purdue.edu/~sundara2/misc/ece380_notes.pdf},
  note={Đã truy cập: 2025-08-17}
}
